<?xml version = "1.0" encoding = "UTF-8"?><record>
  <leader>02108nmm#a2200433#c#4500</leader>
  <controlfield tag="005">20210409080725.0</controlfield>
  <controlfield tag="007">cr#|||||||||||</controlfield>
  <controlfield tag="008">121206|2012####gw######om#|########eng#c</controlfield>
  <controlfield tag="003">DE-605</controlfield>
  <controlfield tag="001">990193931790206441</controlfield>
  <datafield tag="016" ind1="7" ind2=" ">
    <subfield code="a">1073589597</subfield>
    <subfield code="2">OCoLC</subfield>
  </datafield>
  <datafield tag="024" ind1="7" ind2=" ">
    <subfield code="a">urn:nbn:de:hbz:38m-0000006293</subfield>
    <subfield code="2">urn</subfield>
  </datafield>
  <datafield tag="035" ind1=" " ind2=" ">
    <subfield code="a">(DE-605)HT017480009</subfield>
  </datafield>
  <datafield tag="040" ind1=" " ind2=" ">
    <subfield code="a">38 M</subfield>
    <subfield code="b">ger</subfield>
    <subfield code="d">38 M</subfield>
    <subfield code="e">rakwb</subfield>
  </datafield>
  <datafield tag="041" ind1=" " ind2=" ">
    <subfield code="a">eng</subfield>
  </datafield>
  <datafield tag="044" ind1=" " ind2=" ">
    <subfield code="c">XA-DE</subfield>
  </datafield>
  <datafield tag="082" ind1="0" ind2=" ">
    <subfield code="a">610</subfield>
  </datafield>
  <datafield tag="100" ind1="1" ind2=" ">
    <subfield code="a">Fett, Anna Laura</subfield>
    <subfield code="d">1985-</subfield>
    <subfield code="0">(DE-588)1028627270</subfield>
    <subfield code="4">aut</subfield>
    <subfield code="0">(uri) https://portal.dnb.de/opac.htm?method=simpleSearch&amp;cqlMode=true&amp;query=idn=1028627270</subfield>
    <subfield code="0">(uri) http://viaf.org/viaf/sourceID/DNB|1028627270</subfield>
    <subfield code="B">GND-1028627270</subfield>
  </datafield>
  <datafield tag="245" ind1="1" ind2="0">
    <subfield code="a">Immunohistochemical localization of complement regulatory proteins in the human retina</subfield>
    <subfield code="h">Elektronische Ressource</subfield>
    <subfield code="c">vorgelegt von Anna Laura Fett ; 1. Berichterstatter: Professor Dr. med. S. Fauser, 2. Berichterstatter: Privatdozent Dr. rer. nat. M. Plomann ; aus dem Zentrum f&#252;r Augenheilkunde der Universit&#228;t zu K&#246;ln, Klinik und Poliklinik f&#252;r Netzhaut- und Glask&#246;rperchirurgie</subfield>
  </datafield>
  <datafield tag="264" ind1=" " ind2="1">
    <subfield code="c">2012</subfield>
  </datafield>
  <datafield tag="300" ind1=" " ind2=" ">
    <subfield code="a">59 S. : Ill.</subfield>
  </datafield>
  <datafield tag="340" ind1=" " ind2=" ">
    <subfield code="a">Archivierte Online-Ressource</subfield>
    <subfield code="9">F:652a</subfield>
  </datafield>
  <datafield tag="502" ind1=" " ind2=" ">
    <subfield code="a">K&#246;ln, Univ., Diss., 2012</subfield>
  </datafield>
  <datafield tag="700" ind1="1" ind2=" ">
    <subfield code="a">Fauser, Sascha</subfield>
    <subfield code="d">1970-</subfield>
    <subfield code="0">(DE-588)120446146</subfield>
    <subfield code="4">dgs</subfield>
    <subfield code="0">(uri) https://portal.dnb.de/opac.htm?method=simpleSearch&amp;cqlMode=true&amp;query=idn=120446146</subfield>
    <subfield code="0">(uri) http://viaf.org/viaf/sourceID/DNB|120446146</subfield>
    <subfield code="B">GND-120446146</subfield>
  </datafield>
  <datafield tag="700" ind1="1" ind2=" ">
    <subfield code="a">Plomann, Markus</subfield>
    <subfield code="d">1957-</subfield>
    <subfield code="0">(DE-588)172493714</subfield>
    <subfield code="4">dgs</subfield>
    <subfield code="0">(uri) https://portal.dnb.de/opac.htm?method=simpleSearch&amp;cqlMode=true&amp;query=idn=172493714</subfield>
    <subfield code="0">(uri) http://viaf.org/viaf/sourceID/DNB|172493714</subfield>
    <subfield code="B">GND-172493714</subfield>
  </datafield>
  <datafield tag="710" ind1="2" ind2=" ">
    <subfield code="a">Zentrum f&#252;r Augenheilkunde</subfield>
    <subfield code="g">K&#246;ln</subfield>
    <subfield code="b">Abteilung f&#252;r Netzhaut- und Glask&#246;rperchirurgie</subfield>
    <subfield code="0">(DE-588)6042281-6</subfield>
    <subfield code="4">oth</subfield>
    <subfield code="0">(uri) https://portal.dnb.de/opac.htm?method=simpleSearch&amp;cqlMode=true&amp;query=idn=975482831</subfield>
    <subfield code="0">(uri) http://viaf.org/viaf/sourceID/DNB|975482831</subfield>
    <subfield code="B">GND-975482831</subfield>
  </datafield>
  <datafield tag="751" ind1=" " ind2=" ">
    <subfield code="a">K&#246;ln</subfield>
    <subfield code="0">(DE-588)4031483-2</subfield>
    <subfield code="4">uvp</subfield>
    <subfield code="0">(uri) https://portal.dnb.de/opac.htm?method=simpleSearch&amp;cqlMode=true&amp;query=idn=040314839</subfield>
    <subfield code="0">(uri) http://viaf.org/viaf/sourceID/DNB|040314839</subfield>
    <subfield code="B">GND-040314839</subfield>
  </datafield>
  <datafield tag="776" ind1="0" ind2="8">
    <subfield code="i">Erscheint auch als</subfield>
    <subfield code="n">Druckausg.</subfield>
    <subfield code="t">Fett, Anna Laura: Immunohistochemical localization of complement regulatory proteins in the human retina</subfield>
    <subfield code="w">(DE-605)HT017501799</subfield>
  </datafield>
  <datafield tag="856" ind1="4" ind2=" ">
    <subfield code="u">http://dx.doi.org/10.4126/38m-004826540</subfield>
    <subfield code="q">pdf</subfield>
    <subfield code="x">Resolving-System</subfield>
    <subfield code="z">kostenfrei</subfield>
    <subfield code="3">Volltext</subfield>
  </datafield>
  <datafield tag="856" ind1="4" ind2=" ">
    <subfield code="u">http://nbn-resolving.de/urn:nbn:de:hbz:38m-0000006293</subfield>
    <subfield code="q">pdf</subfield>
    <subfield code="x">Resolving-System</subfield>
    <subfield code="z">kostenfrei</subfield>
    <subfield code="3">Volltext</subfield>
  </datafield>
  <datafield tag="856" ind1="4" ind2="0">
    <subfield code="u">https://repository.publisso.de/resource/frl:4826540</subfield>
    <subfield code="x">Langzeitarchivierung</subfield>
  </datafield>
  <datafield tag="960" ind1="1" ind2=" ">
    <subfield code="i">iall</subfield>
  </datafield>
  <datafield tag="960" ind1="1" ind2=" ">
    <subfield code="r">38 M: ellinet; GND: (DE-588)1053580-9</subfield>
  </datafield>
  <datafield tag="964" ind1="0" ind2="s">
    <subfield code="F">030</subfield>
    <subfield code="A">a|1uc||||||17</subfield>
  </datafield>
  <datafield tag="964" ind1="0" ind2="s">
    <subfield code="F">050</subfield>
    <subfield code="A">||||||||g|||||</subfield>
  </datafield>
  <datafield tag="964" ind1="0" ind2="s">
    <subfield code="F">051</subfield>
    <subfield code="A">my||||||</subfield>
  </datafield>
  <datafield tag="035" ind1=" " ind2=" ">
    <subfield code="a">(OCoLC)1073589597</subfield>
    <subfield code="0">(uri) http://www.worldcat.org/oclc/1073589597</subfield>
  </datafield>
  <datafield tag="035" ind1=" " ind2=" ">
    <subfield code="a">(DE-599)HBZHT017480009</subfield>
  </datafield>
  <datafield tag="024" ind1="7" ind2=" ">
    <subfield code="a">10.4126/38m-004826540</subfield>
    <subfield code="2">doi</subfield>
  </datafield>
  <datafield tag="MBD" ind1=" " ind2=" ">
    <subfield code="M">49HBZ_NETWORK</subfield>
    <subfield code="i">990193931790206441</subfield>
    <subfield code="n">HBZ Network</subfield>
  </datafield>
  <datafield tag="MNG" ind1=" " ind2=" ">
    <subfield code="c">System</subfield>
    <subfield code="f">ILS</subfield>
    <subfield code="i">marc21</subfield>
    <subfield code="k">01</subfield>
    <subfield code="e">false</subfield>
    <subfield code="d">2021-06-18 04:06:14 Europe/Berlin</subfield>
    <subfield code="g">019393179-HBZ01</subfield>
    <subfield code="j">60</subfield>
    <subfield code="a">import</subfield>
    <subfield code="b">2021-04-05 14:06:11 Europe/Berlin</subfield>
  </datafield>
  <datafield tag="GSI" ind1="7" ind2=" ">
    <subfield code="a">http://d-nb.info/gnd/1028627270</subfield>
    <subfield code="2">uri</subfield>
    <subfield code="A">GND</subfield>
    <subfield code="B">GND-1028627270</subfield>
    <subfield code="C">024</subfield>
  </datafield>
  <datafield tag="GSI" ind1="7" ind2=" ">
    <subfield code="a">4031483-2</subfield>
    <subfield code="0">http://d-nb.info/gnd/4031483-2</subfield>
    <subfield code="2">gnd</subfield>
    <subfield code="A">GND</subfield>
    <subfield code="B">GND-040314839</subfield>
    <subfield code="C">024</subfield>
  </datafield>
  <datafield tag="GGN" ind1=" " ind2=" ">
    <subfield code="a">Keln</subfield>
    <subfield code="A">GND</subfield>
    <subfield code="B">GND-040314839</subfield>
    <subfield code="C">451</subfield>
  </datafield>
  <datafield tag="GGN" ind1=" " ind2=" ">
    <subfield code="a">Keulen</subfield>
    <subfield code="A">GND</subfield>
    <subfield code="B">GND-040314839</subfield>
    <subfield code="C">451</subfield>
  </datafield>
  <datafield tag="GGN" ind1=" " ind2=" ">
    <subfield code="a">C&#246;lln</subfield>
    <subfield code="g">K&#246;ln</subfield>
    <subfield code="A">GND</subfield>
    <subfield code="B">GND-040314839</subfield>
    <subfield code="C">451</subfield>
  </datafield>
  <datafield tag="GGN" ind1=" " ind2=" ">
    <subfield code="a">Gro&#223;-K&#246;ln</subfield>
    <subfield code="A">GND</subfield>
    <subfield code="B">GND-040314839</subfield>
    <subfield code="C">451</subfield>
  </datafield>
  <datafield tag="GGN" ind1=" " ind2=" ">
    <subfield code="a">K&#363;l&#363;niy&#257;</subfield>
    <subfield code="A">GND</subfield>
    <subfield code="B">GND-040314839</subfield>
    <subfield code="C">451</subfield>
  </datafield>
  <datafield tag="GGN" ind1=" " ind2=" ">
    <subfield code="a">Kerun</subfield>
    <subfield code="A">GND</subfield>
    <subfield code="B">GND-040314839</subfield>
    <subfield code="C">451</subfield>
  </datafield>
  <datafield tag="GGN" ind1=" " ind2=" ">
    <subfield code="a">Oppidum Ubiorum</subfield>
    <subfield code="A">GND</subfield>
    <subfield code="B">GND-040314839</subfield>
    <subfield code="C">451</subfield>
  </datafield>
  <datafield tag="GGN" ind1=" " ind2=" ">
    <subfield code="a">Ara Ubiorum</subfield>
    <subfield code="A">GND</subfield>
    <subfield code="B">GND-040314839</subfield>
    <subfield code="C">451</subfield>
  </datafield>
  <datafield tag="GGN" ind1=" " ind2=" ">
    <subfield code="a">Colonia Claudia Ara Agrippinensium</subfield>
    <subfield code="9">v:r&#246;m.</subfield>
    <subfield code="A">GND</subfield>
    <subfield code="B">GND-040314839</subfield>
    <subfield code="C">451</subfield>
  </datafield>
  <datafield tag="GGN" ind1=" " ind2=" ">
    <subfield code="a">CCAA</subfield>
    <subfield code="4">abku</subfield>
    <subfield code="4">https://d-nb.info/standards/elementset/gnd#abbreviatedNameForThePlaceOrGeographicName</subfield>
    <subfield code="w">r</subfield>
    <subfield code="i">Abkuerzung</subfield>
    <subfield code="9">v:r&#246;m.</subfield>
    <subfield code="A">GND</subfield>
    <subfield code="B">GND-040314839</subfield>
    <subfield code="C">451</subfield>
  </datafield>
  <datafield tag="GGN" ind1=" " ind2=" ">
    <subfield code="a">Colonia Agrippina</subfield>
    <subfield code="9">v:r&#246;m.</subfield>
    <subfield code="A">GND</subfield>
    <subfield code="B">GND-040314839</subfield>
    <subfield code="C">451</subfield>
  </datafield>
  <datafield tag="GGN" ind1=" " ind2=" ">
    <subfield code="a">Colonia Agrippinensis</subfield>
    <subfield code="9">v:r&#246;m.</subfield>
    <subfield code="A">GND</subfield>
    <subfield code="B">GND-040314839</subfield>
    <subfield code="C">451</subfield>
  </datafield>
  <datafield tag="GGN" ind1=" " ind2=" ">
    <subfield code="a">Colonia</subfield>
    <subfield code="g">K&#246;ln</subfield>
    <subfield code="A">GND</subfield>
    <subfield code="B">GND-040314839</subfield>
    <subfield code="C">451</subfield>
  </datafield>
  <datafield tag="GGN" ind1=" " ind2=" ">
    <subfield code="a">Colonia Ubiorum</subfield>
    <subfield code="A">GND</subfield>
    <subfield code="B">GND-040314839</subfield>
    <subfield code="C">451</subfield>
  </datafield>
  <datafield tag="GGN" ind1=" " ind2=" ">
    <subfield code="a">K&#246;lln am Rheine</subfield>
    <subfield code="A">GND</subfield>
    <subfield code="B">GND-040314839</subfield>
    <subfield code="C">451</subfield>
  </datafield>
  <datafield tag="GGN" ind1=" " ind2=" ">
    <subfield code="a">Stadt K&#246;ln</subfield>
    <subfield code="A">GND</subfield>
    <subfield code="B">GND-040314839</subfield>
    <subfield code="C">451</subfield>
  </datafield>
  <datafield tag="GGN" ind1=" " ind2=" ">
    <subfield code="a">C&#246;ln</subfield>
    <subfield code="A">GND</subfield>
    <subfield code="B">GND-040314839</subfield>
    <subfield code="C">451</subfield>
  </datafield>
  <datafield tag="GGN" ind1=" " ind2=" ">
    <subfield code="a">C&#246;llen</subfield>
    <subfield code="A">GND</subfield>
    <subfield code="B">GND-040314839</subfield>
    <subfield code="C">451</subfield>
  </datafield>
  <datafield tag="GGN" ind1=" " ind2=" ">
    <subfield code="a">Cologne</subfield>
    <subfield code="A">GND</subfield>
    <subfield code="B">GND-040314839</subfield>
    <subfield code="C">451</subfield>
  </datafield>
  <datafield tag="GGN" ind1=" " ind2=" ">
    <subfield code="a">Colonia ad Rhenum</subfield>
    <subfield code="A">GND</subfield>
    <subfield code="B">GND-040314839</subfield>
    <subfield code="C">451</subfield>
  </datafield>
  <datafield tag="GGN" ind1=" " ind2=" ">
    <subfield code="a">Hansestadt K&#246;ln</subfield>
    <subfield code="A">GND</subfield>
    <subfield code="B">GND-040314839</subfield>
    <subfield code="C">451</subfield>
  </datafield>
  <datafield tag="GGN" ind1=" " ind2=" ">
    <subfield code="a">Gross-K&#246;ln</subfield>
    <subfield code="A">GND</subfield>
    <subfield code="B">GND-040314839</subfield>
    <subfield code="C">451</subfield>
  </datafield>
  <datafield tag="GGN" ind1=" " ind2=" ">
    <subfield code="a">Colonia Agrippina</subfield>
    <subfield code="A">GND</subfield>
    <subfield code="B">GND-040314839</subfield>
    <subfield code="C">451</subfield>
  </datafield>
  <datafield tag="GGN" ind1=" " ind2=" ">
    <subfield code="a">Colonia Ubiorum</subfield>
    <subfield code="A">GND</subfield>
    <subfield code="B">GND-040314839</subfield>
    <subfield code="C">451</subfield>
  </datafield>
  <datafield tag="GKT" ind1="2" ind2=" ">
    <subfield code="a">Universita&#776;t Ko&#776;ln</subfield>
    <subfield code="b">Zentrum fu&#776;r Augenheilkunde</subfield>
    <subfield code="b">Abteilung fu&#776;r Netzhaut- und Glasko&#776;rperchirurgie</subfield>
    <subfield code="A">GND</subfield>
    <subfield code="B">GND-975482831</subfield>
    <subfield code="C">410</subfield>
  </datafield>
  <datafield tag="GKT" ind1="2" ind2=" ">
    <subfield code="a">Universita&#776;tsklinikum Ko&#776;ln</subfield>
    <subfield code="b">Zentrum fu&#776;r Augenheilkunde</subfield>
    <subfield code="b">Abteilung fu&#776;r Netzhaut- und Glasko&#776;rperchirurgie</subfield>
    <subfield code="A">GND</subfield>
    <subfield code="B">GND-975482831</subfield>
    <subfield code="C">410</subfield>
  </datafield>
  <datafield tag="GKT" ind1="2" ind2=" ">
    <subfield code="a">Klinik und Poliklinik fu&#776;r Netzhaut- und Glasko&#776;rperchirurgie</subfield>
    <subfield code="A">GND</subfield>
    <subfield code="B">GND-975482831</subfield>
    <subfield code="C">410</subfield>
  </datafield>
  <datafield tag="GSI" ind1="7" ind2=" ">
    <subfield code="a">http://d-nb.info/gnd/6042281-6</subfield>
    <subfield code="2">uri</subfield>
    <subfield code="A">GND</subfield>
    <subfield code="B">GND-975482831</subfield>
    <subfield code="C">024</subfield>
  </datafield>
  <datafield tag="GPN" ind1="1" ind2=" ">
    <subfield code="a">Plomann, M.</subfield>
    <subfield code="d">1957-</subfield>
    <subfield code="A">GND</subfield>
    <subfield code="B">GND-172493714</subfield>
    <subfield code="C">400</subfield>
  </datafield>
  <datafield tag="GSI" ind1="7" ind2=" ">
    <subfield code="a">172493714</subfield>
    <subfield code="0">http://d-nb.info/gnd/172493714</subfield>
    <subfield code="2">gnd</subfield>
    <subfield code="A">GND</subfield>
    <subfield code="B">GND-172493714</subfield>
    <subfield code="C">024</subfield>
  </datafield>
  <datafield tag="GPN" ind1="1" ind2=" ">
    <subfield code="a">Fauser, S.</subfield>
    <subfield code="d">1970-</subfield>
    <subfield code="A">GND</subfield>
    <subfield code="B">GND-120446146</subfield>
    <subfield code="C">400</subfield>
  </datafield>
  <datafield tag="GSI" ind1="7" ind2=" ">
    <subfield code="a">120446146</subfield>
    <subfield code="0">http://d-nb.info/gnd/120446146</subfield>
    <subfield code="2">gnd</subfield>
    <subfield code="A">GND</subfield>
    <subfield code="B">GND-120446146</subfield>
    <subfield code="C">024</subfield>
  </datafield>
</record>